@inproceedings{jeon2020efficient,
  title={An efficient explorative sampling considering the generative boundaries of deep generative neural networks},
  author={Jeon, Giyoung and Jeong, Haedong and Choi, Jaesik},
  booktitle={Proceedings of the AAAI Conference on Artificial Intelligence},
  volume={34},
  number={04},
  pages={4288--4295},
  year={2020}
}


@article{kipf2016semi,
	title={Semi-supervised classification with graph convolutional networks},
	author={Kipf, Thomas N and Welling, Max},
	journal={arXiv preprint arXiv:1609.02907},
	year={2016}
}

@article{velivckovic2017graph,
	title={Graph attention networks},
	author={Veli{\v{c}}kovi{\'c}, Petar and Cucurull, Guillem and Casanova, Arantxa and Romero, Adriana and Lio, Pietro and Bengio, Yoshua},
	journal={arXiv preprint arXiv:1710.10903},
	year={2017}
}

@article{zhang2018link,
	title={Link prediction based on graph neural networks},
	author={Zhang, Muhan and Chen, Yixin},
	journal={Advances in neural information processing systems},
	volume={31},
	year={2018}
}

@article{xu2020inductive,
	title={Inductive representation learning on temporal graphs},
	author={Xu, Da and Ruan, Chuanwei and Korpeoglu, Evren and Kumar, Sushant and Achan, Kannan},
	journal={arXiv preprint arXiv:2002.07962},
	year={2020}
}

@article{chen2018gc,
	title={Gc-lstm: Graph convolution embedded lstm for dynamic link prediction},
	author={Chen, Jinyin and Wang, Xueke and Xu, Xuanheng},
	journal={arXiv preprint arXiv:1812.04206},
	year={2018}
}

@inproceedings{pareja2020evolvegcn,
	title={Evolvegcn: Evolving graph convolutional networks for dynamic graphs},
	author={Pareja, Aldo and Domeniconi, Giacomo and Chen, Jie and Ma, Tengfei and Suzumura, Toyotaro and Kanezashi, Hiroki and Kaler, Tim and Schardl, Tao and Leiserson, Charles},
	booktitle={Proceedings of the AAAI Conference on Artificial Intelligence},
	volume={34},
	number={04},
	pages={5363--5370},
	year={2020}
}

@article{zhang2019graph,
	title={Graph convolutional networks: a comprehensive review},
	author={Zhang, Si and Tong, Hanghang and Xu, Jiejun and Maciejewski, Ross},
	journal={Computational Social Networks},
	volume={6},
	number={1},
	pages={1--23},
	year={2019},
	publisher={SpringerOpen}
}

@article{gao2022novel,
	title={A novel representation learning for dynamic graphs based on graph convolutional networks},
	author={Gao, Chao and Zhu, Junyou and Zhang, Fan and Wang, Zhen and Li, Xuelong},
	journal={IEEE Transactions on Cybernetics},
	year={2022},
	publisher={IEEE}
}

@article{cui2021dygcn,
	title={DyGCN: dynamic graph embedding with graph convolutional network},
	author={Cui, Zeyu and Li, Zekun and Wu, Shu and Zhang, Xiaoyu and Liu, Qiang and Wang, Liang and Ai, Mengmeng},
	journal={arXiv preprint arXiv:2104.02962},
	year={2021}
}

@article{peng2021dynamic,
	title={Dynamic graph convolutional network for long-term traffic flow prediction with reinforcement learning},
	author={Peng, Hao and Du, Bowen and Liu, Mingsheng and Liu, Mingzhe and Ji, Shumei and Wang, Senzhang and Zhang, Xu and He, Lifang},
	journal={Information Sciences},
	volume={578},
	pages={401--416},
	year={2021},
	publisher={Elsevier}
}

@inproceedings{qiu2020dgcn,
	title={Dgcn: Dynamic graph convolutional network for efficient multi-person pose estimation},
	author={Qiu, Zhongwei and Qiu, Kai and Fu, Jianlong and Fu, Dongmei},
	booktitle={Proceedings of the AAAI Conference on Artificial Intelligence},
	volume={34},
	number={07},
	pages={11924--11931},
	year={2020}
}

@article{papadopoulos2015network,
	title={Network geometry inference using common neighbors},
	author={Papadopoulos, Fragkiskos and Aldecoa, Rodrigo and Krioukov, Dmitri},
	journal={Physical Review E},
	volume={92},
	number={2},
	pages={022807},
	year={2015},
	publisher={APS}
}
