@inproceedings{zhang2008recommendation,
	title={Recommendation over a heterogeneous social network},
	author={Zhang, Jing and Tang, Jie and Liang, Bangyong and Yang, Zi and Wang, Sijie and Zuo, Jingjing and Li, Juanzi},
	booktitle={Web-Age Information Management, 2008. WAIM'08. The Ninth International Conference on},
	pages={309--316},
	year={2008},
	organization={IEEE}
}

@book{Ronneberger2015U,
	title={U-Net: Convolutional Networks for Biomedical Image Segmentation},
	author={Ronneberger, Olaf and Fischer, Philipp and Brox, Thomas},
	publisher={Springer International Publishing},
	pages={234-241},
	year={2015},
}

@inproceedings{jeon2020efficient,
  title={An efficient explorative sampling considering the generative boundaries of deep generative neural networks},
  author={Jeon, Giyoung and Jeong, Haedong and Choi, Jaesik},
  booktitle={Proceedings of the AAAI Conference on Artificial Intelligence},
  volume={34},
  number={04},
  pages={4288--4295},
  year={2020}
}

@article{chen2018gc,
	title={Gc-lstm: Graph convolution embedded lstm for dynamic link prediction},
	author={Chen, Jinyin and Wang, Xueke and Xu, Xuanheng},
	journal={arXiv preprint arXiv:1812.04206},
	year={2018}
}